%% This BibTeX bibliography file was created using BibDesk.
%% http://bibdesk.sourceforge.net/

%% Created for Santander-Vela, Juande at 2017-10-04 23:50:47 +0100 


%% Saved with string encoding Unicode (UTF-8) 



@techreport{000-000000-011_01,
	Author = {Lize {van den Heever} and Andy {Gotz} and Lorenzo {Pivetta}},
	Date-Added = {2017-10-04 22:49:25 +0000},
	Date-Modified = {2017-10-04 22:50:47 +0000},
	Institution = {SKA Organisation},
	Keywords = {SKA, control systems, TANGO, guidelines},
	Month = {05},
	Number = {000-000000-011, Rev 01},
	Title = {{SKA1 Control System Guidelines: TANGO Developers Guidelines}},
	Type = {GDL},
	Year = {2017}}

@techreport{000-000000-012_01,
	Author = {Lize {van den Heever} and Lorenzo {Pivetta} and Nick {Rees}},
	Date-Added = {2017-10-04 22:48:12 +0000},
	Date-Modified = {2017-10-04 22:50:40 +0000},
	Institution = {SKA Organisation},
	Keywords = {SKA, control systems, TANGO, guidelines},
	Month = {05},
	Number = {000-000000-012, Rev 01},
	Title = {{SKA1 Control System Guidelines: TANGO Naming Convention}},
	Type = {GDL},
	Year = {2017}}

@techreport{000-000000-010_01,
	Author = {Lize {van den Heever} and Andrea {De Marco} and Lorenzo {Pivetta} and Simone {Riggi} and Sonja {Vrcic}},
	Date-Added = {2017-10-04 22:38:22 +0000},
	Date-Modified = {2017-10-04 22:47:49 +0000},
	Institution = {SKA Organisation},
	Keywords = {SKA, control systems, TANGO, guidelines},
	Month = {05},
	Number = {000-000000-010, Rev 01},
	Title = {{SKA1 Control System Guidelines}},
	Type = {GDL},
	Year = {2017}}

@techreport{SKA-TEL-SKO-0000008_11,
	Author = {Marco {Caiazzo}},
	Date-Added = {2017-10-04 15:20:48 +0000},
	Date-Modified = {2017-10-04 15:21:32 +0000},
	Institution = {SKA Organisation},
	Keywords = {SKA, systems engineering, L1 requirements, requirement specification},
	Number = {SKA-TEL-SKO-0000008, Rev 11},
	Title = {SKA Phase 1 System Requirements Specification},
	Type = {SRS},
	Year = {2017}}

@incollection{2004NewAR..48..979C,
	Adsnote = {Provided by the SAO/NASA Astrophysics Data System},
	Adsurl = {http://adsabs.harvard.edu/abs/2004NewAR..48..979C},
	Author = {{Carilli}, C.~L. and {Rawlings}, S.},
	Booktitle = {New Astronomy Reviews},
	Date-Added = {2017-10-03 13:49:56 +0000},
	Date-Modified = {2017-10-03 14:00:54 +0000},
	Doi = {10.1016/j.newar.2004.09.001},
	Eprint = {astro-ph/0409274},
	Journal = {New Astronomy Reviews},
	Keywords = {SKA, science cases, KSPs},
	Month = dec,
	Pages = {979-984},
	Publisher = {Elsevier},
	Title = {{Motivation, key science projects, standards and assumptions}},
	Volume = 48,
	Year = 2004,
	Bdsk-Url-1 = {http://dx.doi.org/10.1016/j.newar.2004.09.001},
	Bdsk-Url-2 = {http://www.sciencedirect.com/science/journal/13876473/48/11?sdc=1}}

@article{2015aska.confE.115H,
	Adsnote = {Provided by the SAO/NASA Astrophysics Data System},
	Adsurl = {http://adsabs.harvard.edu/abs/2015aska.confE.115H},
	Author = {{Hoare}, M. and {Perez}, L. and {Bourke}, T.~L. and {Testi}, L. and {Jimenez-Serra}, I. and {Zarka}, P. and {Siemion}, A.~P.~V. and {van-Langevelde}, H.~J. and {Loinard}, L. and {Anglada}, G. and {Belloche}, A. and {Bergman}, P. and {Booth}, R. and {Caselli}, P. and {Chandler}, C.~J. and {Codella}, C. and {Hallinan}, G. and {Lazio}, J. and {Morrison}, I.~S. and {Podio}, L. and {Remijan}, A. and {Tarter}, J.},
	Date-Added = {2017-10-03 12:08:59 +0000},
	Date-Modified = {2017-10-03 12:09:20 +0000},
	Eid = {115},
	Journal = {Advancing Astrophysics with the Square Kilometre Array (AASKA14)},
	Keywords = {SKA, science cases, cradle of life, astro biology},
	Month = apr,
	Pages = {115},
	Title = {{SKA and the Cradle of Life}},
	Year = 2015}

@article{2015aska.confE..92J,
	Adsnote = {Provided by the SAO/NASA Astrophysics Data System},
	Adsurl = {http://adsabs.harvard.edu/abs/2015aska.confE..92J},
	Archiveprefix = {arXiv},
	Author = {{Johnston-Hollitt}, M. and {Govoni}, F. and {Beck}, R. and {Dehghan}, S. and {Pratley}, L. and {Akahori}, T. and {Heald}, G. and {Agudo}, I. and {Bonafede}, A. and {Carretti}, E. and {Clarke}, T. and {Colafrancesco}, S. and {Ensslin}, T.~A. and {Feretti}, L. and {Gaensler}, B. and {Haverkorn}, M. and {Mao}, S.~A. and {Oppermann}, N. and {Rudnick}, L. and {Scaife}, A. and {Schnitzeler}, D. and {Stil}, J. and {Taylor}, A.~R. and {Vacca}, V.},
	Date-Added = {2017-10-03 12:06:59 +0000},
	Date-Modified = {2017-10-03 12:07:12 +0000},
	Eid = {92},
	Eprint = {1506.00808},
	Journal = {Advancing Astrophysics with the Square Kilometre Array (AASKA14)},
	Keywords = {SKA, science cases, magnetism},
	Month = apr,
	Pages = {92},
	Title = {{Using SKA Rotation Measures to Reveal the Mysteries of the Magnetised Universe}},
	Year = 2015}

@article{2015aska.confE..67P,
	Adsnote = {Provided by the SAO/NASA Astrophysics Data System},
	Adsurl = {http://adsabs.harvard.edu/abs/2015aska.confE..67P},
	Archiveprefix = {arXiv},
	Author = {{Prandoni}, I. and {Seymour}, N.},
	Date-Added = {2017-10-03 12:00:10 +0000},
	Date-Modified = {2017-10-03 12:02:37 +0000},
	Eid = {67},
	Eprint = {1412.6512},
	Journal = {Advancing Astrophysics with the Square Kilometre Array (AASKA14)},
	Keywords = {SKA, science cases, radio continuum},
	Month = apr,
	Pages = {67},
	Primaryclass = {astro-ph.IM},
	Title = {{Revealing the Physics and Evolution of Galaxies and Galaxy Clusters with SKA Continuum Surveys}},
	Year = 2015}

@article{2015aska.confE..51F,
	Adsnote = {Provided by the SAO/NASA Astrophysics Data System},
	Adsurl = {http://adsabs.harvard.edu/abs/2015aska.confE..51F},
	Author = {{Fender}, R. and {Stewart}, A. and {Macquart}, J.~P. and {Donnarumma}, I. and {Murphy}, T. and {Deller}, A. and {Paragi}, Z. and {Chatterjee}, S.},
	Date-Added = {2017-10-03 11:57:50 +0000},
	Date-Modified = {2017-10-03 11:58:07 +0000},
	Eid = {51},
	Journal = {Advancing Astrophysics with the Square Kilometre Array (AASKA14)},
	Keywords = {SKA, science cases, transients},
	Month = apr,
	Pages = {51},
	Title = {{The Transient Universe with the Square Kilometre Array}},
	Year = 2015}

@article{2015aska.confE..36K,
	Adsnote = {Provided by the SAO/NASA Astrophysics Data System},
	Adsurl = {http://adsabs.harvard.edu/abs/2015aska.confE..36K},
	Archiveprefix = {arXiv},
	Author = {{Kramer}, M. and {Stappers}, B.},
	Date-Added = {2017-10-03 11:56:09 +0000},
	Date-Modified = {2017-10-03 11:56:24 +0000},
	Eid = {36},
	Eprint = {1507.04423},
	Journal = {Advancing Astrophysics with the Square Kilometre Array (AASKA14)},
	Keywords = {SKA, science cases, pulsars},
	Month = apr,
	Pages = {36},
	Primaryclass = {astro-ph.IM},
	Title = {{Pulsar Science with the SKA}},
	Year = 2015}

@article{2015aska.confE..16M,
	Adsnote = {Provided by the SAO/NASA Astrophysics Data System},
	Adsurl = {http://adsabs.harvard.edu/abs/2015aska.confE..16M},
	Author = {{Maartens}, R. and {Abdalla}, F.~B. and {Jarvis}, M. and {Santos}, M.~G.},
	Date-Added = {2017-10-03 11:54:29 +0000},
	Date-Modified = {2017-10-03 11:54:39 +0000},
	Eid = {16},
	Journal = {Advancing Astrophysics with the Square Kilometre Array (AASKA14)},
	Keywords = {SKA, science cases, cosmology},
	Month = apr,
	Pages = {16},
	Title = {{Overview of Cosmology with the SKA}},
	Year = 2015}

@article{2015aska.confE...1K,
	Adsnote = {Provided by the SAO/NASA Astrophysics Data System},
	Adsurl = {http://adsabs.harvard.edu/abs/2015aska.confE...1K},
	Archiveprefix = {arXiv},
	Author = {{Koopmans}, L. and {Pritchard}, J. and {Mellema}, G. and {Aguirre}, J. and {Ahn}, K. and {Barkana}, R. and {van Bemmel}, I. and {Bernardi}, G. and {Bonaldi}, A. and {Briggs}, F. and {de Bruyn}, A.~G. and {Chang}, T.~C. and {Chapman}, E. and {Chen}, X. and {Ciardi}, B. and {Dayal}, P. and {Ferrara}, A. and {Fialkov}, A. and {Fiore}, F. and {Ichiki}, K. and {Illiev}, I.~T. and {Inoue}, S. and {Jelic}, V. and {Jones}, M. and {Lazio}, J. and {Maio}, U. and {Majumdar}, S. and {Mack}, K.~J. and {Mesinger}, A. and {Morales}, M.~F. and {Parsons}, A. and {Pen}, U.~L. and {Santos}, M. and {Schneider}, R. and {Semelin}, B. and {de Souza}, R.~S. and {Subrahmanyan}, R. and {Takeuchi}, T. and {Vedantham}, H. and {Wagg}, J. and {Webster}, R. and {Wyithe}, S. and {Datta}, K.~K. and {Trott}, C.},
	Date-Added = {2017-10-03 11:50:41 +0000},
	Date-Modified = {2017-10-03 11:51:07 +0000},
	Eid = {1},
	Eprint = {1505.07568},
	Journal = {Advancing Astrophysics with the Square Kilometre Array (AASKA14)},
	Keywords = {SKA, science cases, cosmic dawn, epoch of reionisation, EoR},
	Month = apr,
	Pages = {1},
	Title = {{The Cosmic Dawn and Epoch of Reionisation with SKA}},
	Year = 2015}

@proceedings{2015aska.confE.....,
	Adsnote = {Provided by the SAO/NASA Astrophysics Data System},
	Adsurl = {http://adsabs.harvard.edu/abs/2015aska.confE.....},
	Date-Added = {2017-10-02 11:28:07 +0000},
	Date-Modified = {2017-10-02 11:47:48 +0000},
	Editor = {Tyler L. {Bourke} and Robert {Braun} and Rob {Fender} and Federica {Govoni} and Jimi {Green} and Melvin {Hoare} and Matt {Jarvis} and Melanie Johnston-{Hollitt} and Evan {Keane} and Leon {Koopmans} and Michael {Kramer} and Roy {Maartens} and Jean-Pierre {Macquart} and Garrelt {Mellema} and Tom {Oosterloo} and Isabella {Prandoni} and Jonathan {Pritchard} and Mario {Santos} and Nick {Seymour} and Ben {Stappers} and Lister Staveley-{Smith} and Wen Wu {Tian} and Grazia {Umana} and Jeff {Wagg}},
	Journal = {Advancing Astrophysics with the Square Kilometre Array (AASKA14)},
	Keywords = {SKA, science cases},
	Month = apr,
	Organization = {SKA Organisation},
	Title = {{Advancing Astrophysics with the Square Kilometre Array}},
	Year = 2015}

@techreport{SKA-TEL-SKO-0000002_03,
	Author = {Peter Dewdney},
	Date-Added = {2017-10-02 10:27:52 +0000},
	Date-Modified = {2017-10-04 15:21:22 +0000},
	Institution = {SKA Organisation},
	Keywords = {SKA, baseline design, systems engineering},
	Month = {02},
	Number = {SKA-TEL-SKO-0000002, Rev 03},
	Title = {{SKA1 System Baseline Design v2}},
	Type = {Design Report},
	Year = {2016},
	Bdsk-Url-1 = {https://ska-aw.bentley.com/SKAProd/Contents/Objects/3728B3/4298B30},
	Bdsk-Url-2 = {https://ska-aw.bentley.com/SKAProd/Framework/Object.aspx?o=3728&t=3}}
