%% This BibTeX bibliography file was created using BibDesk.
%% http://bibdesk.sourceforge.net/

%% Created for Santander-Vela, Juande at 2017-10-02 12:00:14 +0100 


%% Saved with string encoding Unicode (UTF-8) 



@techreport{SKA-TEL-SKO-0000002_v3,
	Author = {Peter Dewdney},
	Date-Added = {2017-10-02 10:27:52 +0000},
	Date-Modified = {2017-10-02 11:00:14 +0000},
	Institution = {SKA Organisation},
	Keywords = {SKA, baseline design, systems engineering},
	Month = {02},
	Number = {SKA-TEL-SKO-0000002, Rev 03},
	Title = {{SKA1 System Baseline Design v2}},
	Type = {Design Report},
	Year = {2016},
	Bdsk-Url-1 = {https://ska-aw.bentley.com/SKAProd/Contents/Objects/3728B3/4298B30},
	Bdsk-Url-2 = {https://ska-aw.bentley.com/SKAProd/Framework/Object.aspx?o=3728&t=3}}
